<?xml version="1.0" encoding="UTF-8"?><record xmlns="http://www.loc.gov/MARC21/slim" xmlns:cinclude="http://apache.org/cocoon/include/1.0" xmlns:zs="http://www.loc.gov/zing/srw/">
  <leader>00806cz  a2200169n  4500</leader>
  <controlfield tag="001">n  88632560 </controlfield>
  <controlfield tag="003">DLC</controlfield>
  <controlfield tag="005">20141217122225.0</controlfield>
  <controlfield tag="008">880502n| acannaab           |n abd      </controlfield>
  <datafield tag="010" ind1=" " ind2=" ">
    <subfield code="a">n  88632560 </subfield>
    <subfield code="z">no2001002542</subfield>
  </datafield>
  <datafield tag="040" ind1=" " ind2=" ">
    <subfield code="a">DLC</subfield>
    <subfield code="b">eng</subfield>
    <subfield code="c">DLC</subfield>
    <subfield code="d">DLC</subfield>
  </datafield>
  <datafield tag="100" ind1="1" ind2=" ">
    <subfield code="a">Nicolai, Michele</subfield>
  </datafield>
  <datafield tag="667" ind1=" " ind2=" ">
    <subfield code="a">THIS 1XX FIELD CANNOT BE USED UNDER RDA UNTIL THIS UNDIFFERENTIATED RECORD HAS BEEN HANDLED FOLLOWING THE GUIDELINES IN DCM Z1 008/32</subfield>
  </datafield>
  <datafield tag="670" ind1=" " ind2=" ">
    <subfield code="a">[Entry on Cultural resource investigation of the ...]</subfield>
  </datafield>
  <datafield tag="670" ind1=" " ind2=" ">
    <subfield code="a">nuc88-52277: Cultural resource investigation of the ... 1978</subfield>
    <subfield code="b">(hdg. on WHi rept.: Nicolai, Michele; usage: Michele Nicolai)</subfield>
  </datafield>
  <datafield tag="670" ind1=" " ind2=" ">
    <subfield code="a">[author of L'initiation]</subfield>
  </datafield>
  <datafield tag="670" ind1=" " ind2=" ">
    <subfield code="a">L'initiation, c1998:</subfield>
    <subfield code="b">p. 7 (MicheĚle NicolaiĚ; author of numerous romance and detective novels writing in the 1930s in France)</subfield>
  </datafield>
</record>